<collection xmlns="http://www.loc.gov/MARC21/slim">
   <record>
      <leader>05807cam a2200637 i 4500</leader>
      <controlfield tag="001">6803171</controlfield>
      <controlfield tag="003">OCoLC</controlfield>
      <controlfield tag="005">20150123122215.0</controlfield>
      <controlfield tag="008">140619t20152015fluab    b    001 0 eng  </controlfield>
      <datafield ind1=" " ind2=" " tag="010">
         <subfield code="a">  2014024300</subfield>
      </datafield>
      <datafield ind1="7" ind2=" " tag="016">
         <subfield code="a">101646123</subfield>
         <subfield code="2">DNLM</subfield>
      </datafield>
      <datafield ind1=" " ind2=" " tag="020">
         <subfield code="a">9781482228915</subfield>
         <subfield code="q">hardback</subfield>
      </datafield>
      <datafield ind1=" " ind2=" " tag="020">
         <subfield code="a">1482228912</subfield>
         <subfield code="q">hardback</subfield>
      </datafield>
      <datafield ind1=" " ind2=" " tag="035">
         <subfield code="a">ocn868641839</subfield>
      </datafield>
      <datafield ind1=" " ind2=" " tag="040">
         <subfield code="a">DLC</subfield>
         <subfield code="b">eng</subfield>
         <subfield code="e">rda</subfield>
         <subfield code="c">DLC</subfield>
         <subfield code="d">YDX</subfield>
         <subfield code="d">BTCTA</subfield>
         <subfield code="d">YDXCP</subfield>
         <subfield code="d">CDX</subfield>
         <subfield code="d">CRCPR</subfield>
         <subfield code="d">OCLCQ</subfield>
         <subfield code="d">NLM</subfield>
         <subfield code="d">UAB</subfield>
         <subfield code="d">AEU</subfield>
         <subfield code="d">ACHCU</subfield>
      </datafield>
      <datafield ind1=" " ind2=" " tag="042">
         <subfield code="a">pcc</subfield>
      </datafield>
      <datafield ind1="0" ind2="0" tag="050">
         <subfield code="a">HV553</subfield>
         <subfield code="b">.P528 2015</subfield>
      </datafield>
      <datafield ind1="0" ind2="0" tag="060">
         <subfield code="a">2014 M-392</subfield>
      </datafield>
      <datafield ind1="1" ind2="0" tag="060">
         <subfield code="a">WA 295</subfield>
      </datafield>
      <datafield ind1="0" ind2="0" tag="082">
         <subfield code="a">363.34/7</subfield>
         <subfield code="2">23</subfield>
      </datafield>
      <datafield ind1=" " ind2=" " tag="084">
         <subfield code="a">SCI031000</subfield>
         <subfield code="a">SOC040000</subfield>
         <subfield code="a">TEC010000</subfield>
         <subfield code="2">bisacsh</subfield>
      </datafield>
      <datafield ind1=" " ind2=" " tag="090">
         <subfield code="a">HV 553 P528 2015</subfield>
         <subfield code="b">ACHCU</subfield>
      </datafield>
      <datafield ind1=" " ind2=" " tag="090">
         <subfield code="a">HV 553 P528 2015</subfield>
         <subfield code="b">AEU</subfield>
      </datafield>
      <datafield ind1="1" ind2=" " tag="100">
         <subfield code="a">Pine, John C.,</subfield>
         <subfield code="d">1946-</subfield>
         <subfield code="e">author.</subfield>
         <subfield code="0">http://id.loc.gov/authorities/names/n80006447</subfield>
         <subfield code="0">http://viaf.org/viaf/6223264</subfield>
      </datafield>
      <datafield ind1="1" ind2="0" tag="240">
         <subfield code="a">Natural hazards analysis</subfield>
      </datafield>
      <datafield ind1="1" ind2="0" tag="245">
         <subfield code="a">Hazards analysis :</subfield>
         <subfield code="b">reducing the impact of disasters /</subfield>
         <subfield code="c">John C. Pine.</subfield>
      </datafield>
      <datafield ind1=" " ind2=" " tag="250">
         <subfield code="a">Second edition.</subfield>
      </datafield>
      <datafield ind1=" " ind2="1" tag="264">
         <subfield code="a">Boca Raton :</subfield>
         <subfield code="b">CRC Press/Taylor &amp; Francis Group,</subfield>
         <subfield code="c">2015.</subfield>
      </datafield>
      <datafield ind1=" " ind2="4" tag="264">
         <subfield code="c">©2015</subfield>
      </datafield>
      <datafield ind1=" " ind2=" " tag="300">
         <subfield code="a">xxi, 316 pages :</subfield>
         <subfield code="b">illustrations, maps ;</subfield>
         <subfield code="c">25 cm</subfield>
      </datafield>
      <datafield ind1=" " ind2=" " tag="336">
         <subfield code="a">text</subfield>
         <subfield code="b">txt</subfield>
         <subfield code="2">rdacontent</subfield>
         <subfield code="0">http://id.loc.gov/vocabulary/contentTypes/txt</subfield>
      </datafield>
      <datafield ind1=" " ind2=" " tag="337">
         <subfield code="a">unmediated</subfield>
         <subfield code="b">n</subfield>
         <subfield code="2">rdamedia</subfield>
         <subfield code="0">http://id.loc.gov/vocabulary/mediaTypes/n</subfield>
      </datafield>
      <datafield ind1=" " ind2=" " tag="338">
         <subfield code="a">volume</subfield>
         <subfield code="b">nc</subfield>
         <subfield code="2">rdacarrier</subfield>
         <subfield code="0">http://id.loc.gov/vocabulary/carriers/nc</subfield>
      </datafield>
      <datafield ind1=" " ind2=" " tag="504">
         <subfield code="a">Includes bibliographical references and index.</subfield>
      </datafield>
      <datafield ind1="0" ind2=" " tag="505">
         <subfield code="a">1. Introduction to hazards analysis / John C. Pine -- 2. Hazards identification / John C. Pine -- 3. Modeling natural- and human-caused hazards / John C. Pine -- 4. Spatial analysis / John C. Pine -- 5. Risk analysis : assessing the risks of hazards / Kevin L. Shirley and John C. Pine -- 6. Social, economic, and ecological vulnerability / John C. Pine -- 7. Risk communication / John C. Pine and Stephen L. Guillot, Jr. -- 8. Hazards risk management process / Greg Shaw -- 9. Planning for sustainable and disaster-resilient communities / Gavin Smith -- 10. Creating disaster-resilient communities : a new natural hazards risk management framework / Gavin Smith.</subfield>
      </datafield>
      <datafield ind1=" " ind2=" " tag="520">
         <subfield code="a">"The impacts of natural and man-made disasters have been increasing at exponential rates over the past few decades. Our global interconnectedness and the scale of disaster events has grown to the point where catastrophic disasters have regional, national, and even global economic consequences. This volume presents a systematic process of hazards identification, vulnerability determination, and consequence assessment for the natural, built, and human environment. The book aims to examine strategies that may be taken at the individual, organization, community, and regional levels to reduce the adverse consequences of disasters and to foster sustainability"--</subfield>
         <subfield code="c">Provided by publisher.</subfield>
      </datafield>
      <datafield ind1=" " ind2=" " tag="520">
         <subfield code="a">"Preface The social, economic and environmental impacts from natural and human caused disasters have increased during the recent decades. The impacts from these disasters are seen on a global scale and are driving efforts to reduce adverse consequences on vulnerable populations and communities. We have attempted to reduce the costs of these disasters but continue to carry out policies that encourage development in vulnerable geographic areas of the world. With threats imposed by global warming, we see that many communities are subject to increasing levels of risk and can achieve sustainable development through appropriately informed planning, protection, mitigation and recovery strategies. Strategies to enhance community resilience to hazards must be based on research that integrates complex social, economic and environmental systems. Hazards Analysis: Reducing the Impacts of Disasters provides a structure and process for understanding the nature of natural and human caused hazards and strategies for building sustainable communities. The key to sustainability is acknowledging the unique nature of the local community and how geography, social systems, the economy and infrastructures influence a community's capacity to withstand and recover from a disaster. This book demonstrates how we use hazards analysis to identify and prioritize risks and develop approaches to community hazard mitigation. The role of hazard risk management is stressed for public, private and non-profit organizations"--</subfield>
         <subfield code="c">Provided by publisher.</subfield>
      </datafield>
      <datafield ind1=" " ind2=" " tag="596">
         <subfield code="a">16 23</subfield>
      </datafield>
      <datafield ind1=" " ind2="0" tag="650">
         <subfield code="a">Disasters</subfield>
         <subfield code="x">Social aspects.</subfield>
      </datafield>
      <datafield ind1=" " ind2="0" tag="650">
         <subfield code="a">Emergency management.</subfield>
         <subfield code="0">http://id.loc.gov/authorities/subjects/sh91000441</subfield>
      </datafield>
      <datafield ind1=" " ind2="0" tag="650">
         <subfield code="a">Preparedness.</subfield>
         <subfield code="0">http://id.loc.gov/authorities/subjects/sh85106384</subfield>
      </datafield>
      <datafield ind1=" " ind2="0" tag="650">
         <subfield code="a">Community organization.</subfield>
         <subfield code="0">http://id.loc.gov/authorities/subjects/sh85029254</subfield>
      </datafield>
      <datafield ind1=" " ind2="0" tag="650">
         <subfield code="a">Disasters</subfield>
         <subfield code="x">Risk assessment.</subfield>
      </datafield>
      <datafield ind1=" " ind2="0" tag="650">
         <subfield code="a">Risk management.</subfield>
         <subfield code="0">http://id.loc.gov/authorities/subjects/sh85114200</subfield>
      </datafield>
      <datafield ind1="1" ind2="2" tag="650">
         <subfield code="a">Disasters.</subfield>
         <subfield code="0">http://id.nlm.nih.gov/mesh/D004190</subfield>
      </datafield>
      <datafield ind1="1" ind2="2" tag="650">
         <subfield code="a">Risk Management.</subfield>
         <subfield code="0">http://id.nlm.nih.gov/mesh/D012308</subfield>
      </datafield>
      <datafield ind1="2" ind2="2" tag="650">
         <subfield code="a">Civil Defense.</subfield>
         <subfield code="0">http://id.nlm.nih.gov/mesh/D002959</subfield>
      </datafield>
      <datafield ind1="2" ind2="2" tag="650">
         <subfield code="a">Disaster Planning.</subfield>
         <subfield code="0">http://id.nlm.nih.gov/mesh/D004189</subfield>
      </datafield>
      <datafield ind1="2" ind2="2" tag="650">
         <subfield code="a">Socioeconomic Factors.</subfield>
         <subfield code="0">http://id.nlm.nih.gov/mesh/D012959</subfield>
      </datafield>
      <datafield ind1=" " ind2=" " tag="758">
         <subfield code="0">http://worldcat.org/entity/work/id/227370968</subfield>
      </datafield>
      <datafield ind1="0" ind2="8" tag="775">
         <subfield code="i">Revision of:</subfield>
         <subfield code="a">Pine, John C.</subfield>
         <subfield code="t">Natural hazards analysis.</subfield>
         <subfield code="d">Boca Raton, FL. : Auerbach Publications, ©2009</subfield>
         <subfield code="w">(DLC)  2008023245</subfield>
      </datafield>
      <datafield ind1="0" ind2=" " tag="787">
         <subfield code="n">OCLC Work Id</subfield>
         <subfield code="o">http://worldcat.org/entity/work/id/227370968</subfield>
      </datafield>
      <datafield ind1="4" ind2="2" tag="856">
         <subfield code="3">Cover image</subfield>
         <subfield code="u">http://images.tandf.co.uk/common/jackets/websmall/978148222/9781482228915.jpg</subfield>
      </datafield>
      <datafield ind1=" " ind2=" " tag="949">
         <subfield code="a">HV 553 P528 2015</subfield>
         <subfield code="c">1</subfield>
         <subfield code="h">UAAU-B</subfield>
         <subfield code="i">0162035236056</subfield>
      </datafield>
      <datafield ind1=" " ind2=" " tag="926">
         <subfield code="a">HV 553 P528 2015</subfield>
         <subfield code="w">LC</subfield>
         <subfield code="c">1</subfield>
         <subfield code="i">0162035236056</subfield>
         <subfield code="l">ON_SHELF</subfield>
         <subfield code="m">UAAUG</subfield>
         <subfield code="p">$150.00</subfield>
         <subfield code="r">Y</subfield>
         <subfield code="s">Y</subfield>
         <subfield code="t">BOOK</subfield>
         <subfield code="u">2/11/2015</subfield>
      </datafield>
      <datafield ind1=" " ind2=" " tag="926">
         <subfield code="a">HV 553 P528 2015</subfield>
         <subfield code="w">LC</subfield>
         <subfield code="c">1</subfield>
         <subfield code="i">32860001070084</subfield>
         <subfield code="l">ON_SHELF</subfield>
         <subfield code="m">BURMAN</subfield>
         <subfield code="r">Y</subfield>
         <subfield code="s">Y</subfield>
         <subfield code="t">BOOK</subfield>
         <subfield code="u">9/8/2015</subfield>
      </datafield>
   </record>
</collection>
